% Example
@game{destiny,
	Title = {{Destiny}},
	Author = {{Bungie}},
	Address = {Santa Monica, CA, USA},
	Howpublished = {Game [PlayStation~3, PlayStation~4, Xbox~360, Xbox~One]},
   	Publisher = {{Activision}},
	Day = {9},
	Month = {9},
	Year = {2014},
	Url = {https://www.destinythegame.com/d1},
	Note = {{Activision}, Santa Monica, CA, USA.}
}
