@software{reback2022pandas,
	author       = {The pandas development team},
	title        = {pandas-dev/pandas: Pandas},
	month        = Apr,
	year         = 2022,
	publisher    = {Zenodo},
	version      = {v1.4.2},
	doi          = {10.5281/zenodo.6408044},
	url          = {https://doi.org/10.5281/zenodo.6408044}
}

@InProceedings{ mckinney-proc-scipy-2010,
	author    = { {W}es {M}c{K}inney },
	title     = { {D}ata {S}tructures for {S}tatistical {C}omputing in {P}ython },
	booktitle = { {P}roceedings of the 9th {P}ython in {S}cience {C}onference },
	pages     = { 56 - 61 },
	year      = { 2010 },
	editor    = { {S}t\'efan van der {W}alt and {J}arrod {M}illman },
	doi       = { 10.25080/Majora-92bf1922-00a }
}

@book{10.5555/1593511,
	author = {Van Rossum, Guido and Drake, Fred L.},
	title = {Python 3 Reference Manual},
	year = {2009},
	isbn = {1441412697},
	publisher = {CreateSpace},
	address = {Scotts Valley, CA}
}

@article{         harris2020array,
	title         = {Array programming with {NumPy}},
	author        = {Charles R. Harris and K. Jarrod Millman and St{\'{e}}fan J.
	van der Walt and Ralf Gommers and Pauli Virtanen and David
	Cournapeau and Eric Wieser and Julian Taylor and Sebastian
	Berg and Nathaniel J. Smith and Robert Kern and Matti Picus
	and Stephan Hoyer and Marten H. van Kerkwijk and Matthew
	Brett and Allan Haldane and Jaime Fern{\'{a}}ndez del
	R{\'{i}}o and Mark Wiebe and Pearu Peterson and Pierre
	G{\'{e}}rard-Marchant and Kevin Sheppard and Tyler Reddy and
	Warren Weckesser and Hameer Abbasi and Christoph Gohlke and
	Travis E. Oliphant},
	year          = {2020},
	month         = sep,
	journal       = {Nature},
	volume        = {585},
	number        = {7825},
	pages         = {357--362},
	doi           = {10.1038/s41586-020-2649-2},
	publisher     = {Springer Science and Business Media {LLC}},
	url           = {https://doi.org/10.1038/s41586-020-2649-2}
}

@Article{Hunter:2007,
	Author    = {Hunter, J. D.},
	Title     = {Matplotlib: A 2D graphics environment},
	Journal   = {Computing in Science \& Engineering},
	Volume    = {9},
	Number    = {3},
	Pages     = {90--95},
	abstract  = {Matplotlib is a 2D graphics package used for Python for
	application development, interactive scripting, and publication-quality
	image generation across user interfaces and operating systems.},
	publisher = {IEEE COMPUTER SOC},
	doi       = {10.5281/zenodo.5773480},
	year      = 2007
}

@article{Waskom2021,
	doi = {10.21105/joss.03021},
	url = {https://doi.org/10.21105/joss.03021},
	year = {2021},
	publisher = {The Open Journal},
	volume = {6},
	number = {60},
	pages = {3021},
	author = {Michael L. Waskom},
	title = {seaborn: statistical data visualization},
	journal = {Journal of Open Source Software}
}

@inproceedings{seabold2010statsmodels,
	title={statsmodels: Econometric and statistical modeling with python},
	author={Seabold, Skipper and Perktold, Josef},
	booktitle={9th Python in Science Conference},
	year={2010},
}